<?xml version="1.0" encoding="UTF-8"?><collection xmlns="http://www.loc.gov/MARC21/slim"><record><leader>00387nam--2200133-i-4500</leader><controlfield tag="001">000039111</controlfield><controlfield tag="002">20161230</controlfield><controlfield tag="005">20161230201042</controlfield><controlfield tag="008">060222s1000------------r-----000-0-eng-d</controlfield><datafield ind1=" " ind2=" " tag="080"><subfield code="a">620.17(083.5)</subfield></datafield><datafield ind1=" " ind2=" " tag="100"><subfield code="a">Roark, Raymond J.And Young, Warren C</subfield></datafield><datafield ind1=" " ind2=" " tag="245"><subfield code="a">Formulas for stress and strain. fift ed</subfield></datafield><datafield ind1=" " ind2=" " tag="260"><subfield code="a">London, Mcgraw-hill International Book Co., 1975, Xii + 624p</subfield></datafield><datafield ind1=" " ind2=" " tag="852"><subfield code="a">49459</subfield></datafield></record></collection>